2167 2930
321 285 352 327 2
898 272 997 344 a,
1039 270 1141 345 4
1201 270 1305 344 oe

322 387 522 434 felicitatis
542 392 715 450 coniugii
733 391 817 435 Tui
837 405 976 452 capere
1003 388 1096 436 inde
1113 388 1275 450 quilibet
1287 385 1418 449 possit.
1481 384 1700 446 Equidem,
1732 394 1905 449 quinon

324 468 458 515 solum
475 472 539 515 abs
560 471 647 521 Te,
679 467 743 514 sed
766 487 787 513 a
811 483 893 516 tota
909 487 1068 531 quoque
1094 483 1217 531 gente
1237 472 1373 523 Tua„
1391 473 1434 512 in
1461 469 1557 512 urbe
1581 470 1714 512 nostra
1733 467 1902 529 splendi-

326 551 476 595 dissima
499 551 697 594 beneficiis
725 564 882 596 ornatus
905 550 992 596 sum
1007 549 1165 612 prorsus
1186 550 1463 610 smgularibu8‚
1498 562 1536 594 et
1561 553 1731 593 omnino
1750 555 1793 593 in
1809 556 1916 602 utris

322 647 444 693 usque
458 630 659 677 fautorum
676 639 865 677 meorum
879 630 1064 678 fortunae
1084 629 1313 682 societatem
1330 634 1470 683 venire,
1487 644 1525 674 et
1544 627 1671 683 soleo,
1697 644 1735 675 et
1755 630 1900 681 debeo,

323 724 536 773 temperare
561 714 661 757 mihi
693 728 779 758 non
800 716 942 774 potui,
985 716 1081 775 quin
1112 716 1314 773 perhanc
1347 716 1687 778 opportunitatem
1709 713 1903 771 gaudium

321 810 458 838 meum
492 793 590 836 Tibi
620 791 885 845 declararem,
923 792 1178 855 faceremque
1200 794 1426 843 ‚testatum-,⁸
1468 805 1664 853 quantum
1699 794 1900 837 beneficiis

322 875 386 917 abs
421 876 488 917 Te
520 873 704 932 Tuisque
734 878 834 917 mihi
869 876 1057 934 praestitis
1094 875 1260 916 statuam
1308 875 1492 931 pretium.
1584 876 1721 916 Patere
1763 877 1897 931 igitur,

320 957 465 997 Fautor
481 956 643 1012 Optime
655 984 668 1001 ‚
699 966 742 996 ut
757 957 857 997 hanc
875 954 1004 997 levem
1024 954 1199 1013 opellam
1225 967 1380 1004 meam,
1411 968 1532 1012 quam
1552 952 1661 996 nulla
1677 969 1797 996 vanae
1813 952 1900 1011 glo-

318 1035 439 1078 riolae
457 1032 666 1093 captandae
684 1034 895 1094 cupiditas,
929 1032 995 1077 sed
1011 1037 1161 1093 pietatis
1178 1031 1308 1078 modo
1330 1033 1431 1076 Tibi
1448 1032 1706 1076 declarandae
1725 1032 1899 1077 studium

317 1114 515 1174 propulit,
554 1113 705 1157 iudicio
728 1115 829 1158 Tuo
855 1112 1083 1158 submittam
1109 1112 1418 1173 elegantiffimo,
1452 1112 1660 1158 certiffime
1686 1111 1899 1174 persuasus,

319 1193 429 1246 fore,
461 1207 518 1246 ut,
554 1194 742 1253 quicquid
759 1198 872 1236 huius
896 1200 954 1236 rei
975 1195 1041 1246 sit,
1074 1199 1191 1252 aequi
1218 1195 1393 1252 bonique
1413 1193 1603 1236 consulas.

441 1278 525 1318 Iam
551 1278 729 1333 primum
748 1290 841 1318 cum
856 1275 966 1319 vestis
984 1275 1208 1319 multorum
1227 1278 1270 1316 in
1282 1273 1410 1317 oculis
1430 1278 1602 1319 omnino
1620 1272 1736 1319 faciat
1753 1279 1897 1330 virum,

317 1355 489 1397 multum
496 1353 545 1397 ad
555 1352 862 1413 pulcritudinem
872 1354 1167 1399 conciliandam
1180 1368 1218 1398 et
1227 1354 1451 1413 augendam
1464 1355 1605 1405 valeat,
1625 1355 1844 1415 oculosque
1857 1360 1899 1399 iu

317 1450 455 1478 amore
464 1438 609 1494 quippe
624 1434 743 1479 duces
751 1436 1068 1496 perstringendo,
1087 1437 1153 1479 vel
1161 1440 1340 1480 animum
1352 1433 1483 1496 ipsum
1498 1433 1649 1479 facilius
1658 1438 1806 1495 capiat3
1824 1438 1898 1479 mi-

316 1531 405 1559 rum
414 1532 498 1559 non
508 1516 561 1559 est
570 1517 749 1561 crebram
758 1520 801 1561 in
815 1533 857 1561 re
876 1522 1067 1562 amatoria
1080 1518 1246 1561 vestium
1257 1518 1342 1561 fieri
1360 1521 1626 1567 mentionem,
1646 1528 1898 1577 amantesque

317 1595 364 1637 ab
387 1596 653 1655 antiquissimis
672 1601 751 1639 iarn
767 1595 860 1639 inde
879 1598 1122 1656 temporibus
1139 1612 1277 1640 earum
1300 1595 1556 1656 summopere
1574 1594 1756 1640 studuisse
1773 1594 1897 1657 splen-

317 1674 420 1718 dori.
452 1680 516 1719 Sic
526 1678 656 1719 Petala
666 1677 771 1737 apud
781 1678 1070 1737 Alciphronem
1089 1679 1164 1736 Ep.
1175 1680 1204 1720 1.
1222 1676 1327 1730 l.36.'
1355 1681 1549 1736 queritur:
1567 1671 1625 1720 δεῖ
1639 1682 1785 1738 xeno-[8
1797 1676 1894 1735 ἡμῖν,

317 1757 497 1810 ἱματίων,
529 1753 694 1810 κέσμ3,“
720 1753 1016 1815 θεραπαινίδων,
1048 1774 1147 1814 opus
1163 1758 1229 1815 ιβ,
1261 1760 1374 1801 nobis
1393 1774 1508 1810 auro,
1527 1759 1705 1817 vestibus,
1736 1768 1894 1810 ornatu,

318 1837 477 1880 ancillis.
540 1833 664 1879 Addit
690 1836 818 1880 statim
843 1833 1019 1879 causam:
1048 1834 1107 1879 τοὶ
1125 1836 1286 1894 οἱςχοιῒοι
1309 1836 1375 1890 κα)
1394 1842 1552 1897 τείχινοι
1575 1838 1897 1899 προβαλλομένη

316 1910 594 1975 Ταξαντινίδια,
620 1913 862 1971 ἀισχύνομαι
886 1933 965 1965 τοις
990 1918 1148 1969 φίλοις,
1186 1918 1307 1972 pudet
1332 1918 1491 1974 vetustis
1520 1928 1557 1960 et
1576 1923 1730 1961 cilicinis
1748 1924 1896 1964 amiciri

323 1996 552 2038 Tarentinis
572 1997 734 2051 vtfiibus
751 1998 860 2052 apud
879 2000 1033 2039 amicas.
1098 1999 1256 2038 Locum
1275 1998 1368 2038 huic
1390 1994 1560 2042 fimilem
1576 1997 1781 2059 Berglerus
1798 2009 1894 2044 attu-

313 2076 359 2118 lit
372 2081 415 2117 in
430 2090 527 2118 nota
545 2094 567 2117 e
590 2080 757 2118 Luciani
784 2079 949 2138 Dialog.
976 2082 1142 2122 Meretr.
1175 2089 1177 2091 ’
1204 2060 1412 2121 Mater-ibi
1437 2077 1487 2122 ad
1510 2062 1732 2124 Musarium
1746 2078 1892 2125 filiam:

310 2157 360 2199 ἐκ
384 2155 570 2225 ᾀισχύνῃ,
602 2162 744 2218 inquit,
775 2157 873 2214 μόνη
900 2159 973 2201 τῶν
992 2156 1147 2220 ἑταιρῶν
1163 2157 1213 2202 ἐκ
1232 2155 1441 2214 ἐλλόβιον,
1474 2157 1524 2204 ἐκ
1541 2156 1669 2221 ὅρμον,
1695 2158 1718 2204 8¹
1737 2163 1896 2224 'ragav-

308 2228 450 2282 ‘mrim
467 2235 627 2295 ἕχεσεις
654 2266 662 2270 -
690 2241 787 2282 Non
813 2238 936 2300 pudet
962 2251 1021 2292 te,
1052 2241 1162 2300 quod
1168 2240 1261 2299 sbla
1277 2255 1398 2299 neque
1412 2243 1571 2286 inaures
1594 2244 1729 2293 habes,
1773 2261 1893 2301 neque

307 2321 463 2372 monile,
490 2336 615 2380 mque
632 2321 768 2379 vestem
794 2321 1079 2367 Tarentinam?
1113 2319 1291 2367 deicuius
1306 2319 1416 2367 vestis
1437 2316 1606 2371 vsusvid.
1634 2324 1812 2387 Perizoxr.
1843 2322 1891 2369 ad

301 2400 389 2447 Act
409 2403 460 2446 V.
480 2400 589 2447 HA.
607 2404 695 2456 vn,
714 2415 756 2458 9.
1268 2389 1271 2391 ’

1758 2486 1889 2531 Habet
